@ARTICLE{cstug-markdown,
  author   = {Vít Novotný},
  title    = {Sazba textu označkovaného v jazyce Markdown uvnitř \TeX{}ových dokumentů},
  date     = {2016},
  journal  = {Zpravodaj Československého sdružení uživatelů \TeX u},
  number   = {1--4},
  pages    = {78--93},
  doi      = {10.5300/2016-1-4/78},
  % language = {czech},
}

@ARTICLE{cstug-expl3,
  author   = {Vít Novotný},
  title    = {Vysokoúrovňové jazyky pro \TeX{}},
  date     = {2022},
  journal  = {Zpravodaj Československého sdružení uživatelů \TeX u},
  number   = {1--5},
  pages    = {35--48},
  doi      = {10.5300/2022-1-4/35},
  % language = {czech},
}

@ONLINE{pandoc,
  author       = {John MacFarlane},
  title        = {Pandoc: a universal document converter},
  howpublished = {online},
  url          = {https://pandoc.org/},
  date         = {2006},
  urldate      = {2022-11-02},
}

@ONLINE{pandoc-writers,
  author       = {John MacFarlane},
  title        = {Creating Custom Pandoc Writers in Lua},
  howpublished = {online},
  url          = {https://pandoc.org/custom-writers.html},
  urldate      = {2022-11-23},
}

@BOOK{lua-pil,
  author       = {Roberto Ierusalimschy},
  title        = {Programming in Lua},
  date         = {2003},
  edition      = {1},
  url          = {https://www.lua.org/pil/contents.html},
}

@ONLINE{lunamark,
  author       = {John MacFarlane and Hans Hagen and Khaled Hosny},
  title        = {Lunamark},
  howpublished = {online},
  url          = {http://jgm.github.io/lunamark/},
  date         = {2009},
  urldate      = {2022-11-02},
}

@BOOK{olsak-tbn,
  title =     {\TeX{}book naruby},
  author =    {Petr Olšák},
  publisher = {Konvoj},
  isbn =      {80-7302-007-6},
  year =      {2001},
  edition =   {2},
  % language = {czech},
}

@BOOK{texbook,
  title =     {The \TeX{}book},
  author =    {Donald E. Knuth},
  publisher = {Addison-Wesley},
  isbn =      {0-201-13447-0},
  year =      {1986},
}

@BOOK{companion,
  title =     {The \LaTeX{} Companion},
  % author =    {Frank Mittelbach, Michel Goossens, Johannes Braams, David Carlisle, Chris Rowley},
  author =    {Frank Mittelbach and others},
  publisher = {Addison-Wesley},
  isbn =      {0-201-36299-6},
  year =      {2004},
  chapter =   {A4},
  edition =   {2},
}

@PHDTHESIS{thanh01,
  author      = {Thành, Hàn Thé},
  title       = {Micro-typographic extensions to the \TeX{} typesetting system},
  date        = {2001},
  institution = {The Faculty of Informatics, Masaryk University},
  location    = {Brno},
  url         = {http://www.pragma-ade.nl/pdftex/thesis.pdf},
  urldate     = {2022-11-23},
}

@ONLINE{l3-expl3,
  author       = {The~\LaTeX{}~Project},
  title        = {The \textsf{expl3} package and \LaTeX3 programming},
  date         = {2022-11-02},
  urldate      = {2022-11-12},
  howpublished = {online},
  url          = {http://mirrors.ctan.org/macros/latex/contrib/l3kernel/expl3.pdf},
}

@ONLINE{l3-interfaces,
  author       = {The~\LaTeX{}~Project},
  title        = {The \LaTeX3 interfaces},
  date         = {2022-11-02},
  urldate      = {2022-11-12},
  howpublished = {online},
  url          = {http://mirrors.ctan.org/macros/latex/contrib/l3kernel/expl3.pdf},
}

@ONLINE{luatex,
  author       = {Lua\TeX{}~development~team},
  title        = {Lua\TeX{}~reference~manual},
  date         = {2022-07-23},
  urldate      = {2022-11-23},
  howpublished = {online},
  url          = {https://www.pragma-ade.com/general/manuals/luatex.pdf},
}
